@article{piltaver2012pathology,
  title={The pathology of heuristic search in the 8-puzzle},
  author={Piltaver, Rok and Lu{\v{s}}trek, Mitja and Gams, Matja{\v{z}}},
  journal={Journal of Experimental \& Theoretical Artificial Intelligence},
  volume={24},
  number={1},
  pages={65--94},
  year={2012},
  publisher={Taylor \& Francis}
}

@inproceedings{reinefeld1993complete,
	title={Complete Solution of the Eight-Puzzle and the Bene t of Node Ordering in IDA*},
	author={Reinefeld, Alexander},
	booktitle={International Joint Conference on Artificial Intelligence},
	pages={248--253},
	year={1993}
}

@article{nosrati2012investigation,
	title={Investigation of the*(star) search algorithms: Characteristics, methods and approaches},
	author={Nosrati, Masoud and Karimi, Ronak and Hasanvand, Hojat Allah},
	journal={World Applied Programming},
	volume={2},
	number={4},
	pages={251--256},
	year={2012},
	publisher={Citeseer}
}

@inproceedings{burns2012implementing,
	title={Implementing fast heuristic search code},
	author={Burns, Ethan Andrew and Hatem, Matthew and Leighton, Michael J and Ruml, Wheeler},
	booktitle={Fifth Annual Symposium on Combinatorial Search},
	year={2012}
}

@article{russell2002artificial,
	title={Artificial intelligence: a modern approach},
	author={Russell, Stuart and Norvig, Peter},
	year={2002}
}

@article{ratner1990n2,
	title={The (n2- 1)-puzzle and related relocation problems},
	author={Ratner, Daniel and Warmuth, Manfred},
	journal={Journal of Symbolic Computation},
	volume={10},
	number={2},
	pages={111--137},
	year={1990},
	publisher={Elsevier}
}

@article{bhasin2012genetic,
	title={Genetic based algorithm for N-puzzle problem},
	author={Bhasin, Harsh and Singla, Neha},
	journal={International Journal of Computer Applications},
	volume={51},
	number={22},
	year={2012},
	publisher={Foundation of Computer Science}
}

@article{kunkle2001solving,
	title={Solving the 8 Puzzle in a Minimum Number of Moves: An Application of the A* Algorithm},
	author={Kunkle, Daniel R},
	journal={Introduction to Artificial Intelligence},
	year={2001}
}
